<record><leader>00860nam a2200229Ia 4500</leader><controlfield tag="001">100627366</controlfield><controlfield tag="003">MiAaHDL</controlfield><controlfield tag="005">20141118000000.0</controlfield><controlfield tag="006">m        d        </controlfield><controlfield tag="007">cr bn ---auaua</controlfield><controlfield tag="008">860312s1903    quca          000 0 eng d</controlfield><datafield tag="035" ind1=" " ind2=" "><subfield code="a">sdr-chi2940538</subfield></datafield><datafield tag="035" ind1=" " ind2=" "><subfield code="a">(OCoLC)13284472</subfield></datafield><datafield tag="040" ind1=" " ind2=" "><subfield code="a">VTU</subfield><subfield code="c">VTU</subfield><subfield code="d">CGU</subfield></datafield><datafield tag="043" ind1=" " ind2=" "><subfield code="a">n-cn-qu</subfield></datafield><datafield tag="049" ind1=" " ind2=" "><subfield code="a">CGUA</subfield></datafield><datafield tag="090" ind1=" " ind2=" "><subfield code="a">N910.M7</subfield><subfield code="b">A4 1903</subfield></datafield><datafield tag="110" ind1="2" ind2=" "><subfield code="a">Château de Ramezay Museum and Portrait Gallery.</subfield></datafield><datafield tag="245" ind1="1" ind2="0"><subfield code="a">Catalogue of the Château de Ramezay Museum and Portrait Gallery /</subfield><subfield code="c">prepared by Thomas O'Leary ; under the supervision of the President of the Antiquarian Society.</subfield></datafield><datafield tag="250" ind1=" " ind2=" "><subfield code="a">2nd ed.</subfield></datafield><datafield tag="260" ind1=" " ind2=" "><subfield code="a">Montreal :</subfield><subfield code="b">The Château,</subfield><subfield code="c">1903.</subfield></datafield><datafield tag="300" ind1=" " ind2=" "><subfield code="a">135 p. :</subfield><subfield code="b">ill. ;</subfield><subfield code="c">23 cm.</subfield></datafield><datafield tag="538" ind1=" " ind2=" "><subfield code="a">Mode of access: Internet.</subfield></datafield><datafield tag="650" ind1=" " ind2="0"><subfield code="a">Art</subfield><subfield code="z">Québec (Province)</subfield><subfield code="z">Montréal</subfield><subfield code="x">Catalogs.</subfield></datafield><datafield tag="700" ind1="1" ind2=" "><subfield code="a">O'Leary, Thomas.</subfield></datafield><datafield tag="710" ind1="2" ind2=" "><subfield code="a">Numismatic and Antiquarian Society of Montreal</subfield></datafield><datafield tag="CID" ind1=" " ind2=" "><subfield code="a">100627366</subfield></datafield><datafield tag="DAT" ind1="0" ind2=" "><subfield code="a">19980304223300.0</subfield><subfield code="b">20141118000000.0</subfield></datafield><datafield tag="DAT" ind1="1" ind2=" "><subfield code="a">20150218130140.0</subfield><subfield code="b">2022-04-19T17:30:06Z</subfield></datafield><datafield tag="DAT" ind1="2" ind2=" "><subfield code="a">2022-04-19T17:30:02Z</subfield><subfield code="b">2015-03-10T20:00:04Z</subfield></datafield><datafield tag="CAT" ind1=" " ind2=" "><subfield code="a">SDR-CHI</subfield><subfield code="d">SIRSIDYNIX - HORIZON</subfield><subfield code="l">loader.pl-003-020</subfield></datafield><datafield tag="FMT" ind1=" " ind2=" "><subfield code="a">BK</subfield></datafield><datafield tag="HOL" ind1=" " ind2=" "><subfield code="0">sdr-chi2940538</subfield><subfield code="a">chi</subfield><subfield code="b">SDR</subfield><subfield code="c">CHI</subfield><subfield code="p">chi.084804371</subfield><subfield code="s">CHI</subfield><subfield code="z">c.1</subfield><subfield code="1">2940538</subfield></datafield><datafield tag="974" ind1=" " ind2=" "><subfield code="b">CHI</subfield><subfield code="c">CHI</subfield><subfield code="d">20220419</subfield><subfield code="s">google</subfield><subfield code="u">chi.084804371</subfield><subfield code="z">c.1</subfield><subfield code="y">1903</subfield><subfield code="r">pd</subfield><subfield code="q">add</subfield></datafield></record>